@misc{cours,
    author = "Joseph Salmon",
    title = "Machine Learning HMMA308",
    year = "2020",
    howpublished = "\url{http://josephsalmon.eu/HMMA308.html}",
}

@misc{code,
    author = "Ethen",
    title = "Machine Learning GitHub",
    year = "2020",
    howpublished = "\url{https://github.com/ethen8181/machine-learning}",
}

@misc{pdf,
    author = "Prateek, Jain and Praneeth, Netrapalli and Sujay, Sanghavi",
    title = "Low Rank Matrix Completion using Alternating Minimization",
    year = "2016",
    howpublished = "\url{https://zcc1307.github.io/docs/altmin.pdf}",
}

@misc{code_bis,
    author = "Ben Lindsay",
    title = "Movielens analysis",
    year = "2018",
    howpublished = "\url{https://github.com/benlindsay/movielens-analysis}",
}

@misc{matrix,
    author = "Rainer Gemulla",
    title = "Large-Scale Matrix Factorization",
    year = "2012",
    howpublished = "\url{https://db.in.tum.de/hosted/scalableanalytics/presentations/gemulla.pdf}",
}